<collection xmlns="http://www.loc.gov/MARC21/slim">
<record>
  <leader>01433nam0a2200229 i 450 </leader>
  <controlfield tag="001">IT\ICCU\CNCE\074556</controlfield>
  <controlfield tag="005">20120906000000.0</controlfield>
  <datafield tag="012" ind1=" " ind2=" ">
    <subfield code="a">gado e-ta tqio afde (C) 1554 (A)</subfield>
    <subfield code="2">fei</subfield>
  </datafield>
  <datafield tag="100" ind1=" " ind2=" ">
    <subfield code="a">20090911d1554        0itac0103    ba</subfield>
  </datafield>
  <datafield tag="101" ind1=" " ind2=" ">
    <subfield code="a">ITA</subfield>
  </datafield>
  <datafield tag="102" ind1=" " ind2=" ">
    <subfield code="a">IT</subfield>
  </datafield>
  <datafield tag="200" ind1="1" ind2=" ">
    <subfield code="a">Sermoni da morti et sposi: nouamente composti per il semplice religioso frate Aurelio Perusino a comune beneficio de tutti venerabili in Christo sacerdoti, secondo la qualit ̉de persone, con le authorita de sacri dottori, &amp; diuini cancellieri euangelici,&amp; da lui diligentemente reuisti, con vno discorso de lumana \!! creatura quale e ingrata verso il summo &amp; grande Iddio, opera vtilissima a ciascuno religioso, come legendo potra vedersi nel conuento de santa Maria nouella de Peusia del ordine de santo Agostino del obseruantia professo</subfield>
  </datafield>
  <datafield tag="210" ind1=" " ind2=" ">
    <subfield code="a">In Perugia</subfield>
    <subfield code="c">per Hieronimi del Bianchino dal Leone</subfield>
    <subfield code="d">&amp; Ottauiano Pitta compagni</subfield>
    <subfield code="d">1554</subfield>
  </datafield>
  <datafield tag="215" ind1=" " ind2=" ">
    <subfield code="a">\36! c.</subfield>
    <subfield code="d">8ʻ</subfield>
  </datafield>
  <datafield tag="620" ind1=" " ind2=" ">
    <subfield code="a">IT</subfield>
    <subfield code="d">Perugia</subfield>
  </datafield>
  <datafield tag="700" ind1=" " ind2="0">
    <subfield code="a">Aurelio</subfield>
    <subfield code="c"> : Perugino</subfield>
    <subfield code="3">IT\ICCU\CNCA\029169</subfield>
  </datafield>
  <datafield tag="712" ind1="0" ind2="0">
    <subfield code="a">Bianchini, Girolamo &amp; Pitta, Ottaviano</subfield>
    <subfield code="3">IT\ICCU\CNCT\002054</subfield>
    <subfield code="4">650</subfield>
  </datafield>
  <datafield tag="790" ind1=" " ind2="1">
    <subfield code="a">Perusinus,</subfield>
    <subfield code="b">Aurelius</subfield>
    <subfield code="3">IT\ICCU\CNCA\029170</subfield>
    <subfield code="z">Aurelio : Perugino</subfield>
  </datafield>
  <datafield tag="790" ind1=" " ind2="0">
    <subfield code="a">Aurelio</subfield>
    <subfield code="c"> : da#Perugia</subfield>
    <subfield code="3">IT\ICCU\CNCA\029171</subfield>
    <subfield code="z">Aurelio : Perugino</subfield>
  </datafield>
  <datafield tag="791" ind1="0" ind2="0">
    <subfield code="a">Pitta, Ottaviano</subfield>
    <subfield code="3">IT\ICCU\CNCT\002055</subfield>
    <subfield code="z">Bianchini, Girolamo &amp; Pitta, Ottaviano</subfield>
  </datafield>
  <datafield tag="801" ind1=" " ind2="3">
    <subfield code="a">IT</subfield>
    <subfield code="b">ICCU</subfield>
    <subfield code="c">20201115</subfield>
  </datafield>
  <datafield tag="899" ind1=" " ind2=" ">
    <subfield code="a">Biblioteca comunale. Fabriano</subfield>
    <subfield code="1">AN0033</subfield>
    <subfield code="2">URB BF</subfield>
  </datafield>
</record>
</collection>
